@online{ClinicalTrialsTrends,
  author = {ClinicalTrials.gov},
  title = {{Trends, Charts, and Maps}},
  year = 2019,
  url = {https://clinicaltrials.gov/ct2/resources/trends},
  urldate = {2019-09-28}
}
